@article{shapiro,
    author = {Shapiro, Stewart},
    title = {Incompleteness, Mechanism, and Optimism},
    journal = {The Bulletin of Symbolic Logic},
    volume = {4},
    number = {3},
    year = {1998},
    month = {September},
    pages = {273-302},
}

@article{hopkins,
    author = {Hopkins, Sam},
    title = {Could Minds Be (Anything Like) Machines?},
}

@article{benacerraf,
    author = {Benacerraf, Paul},
    title = {God, the Devil, and G\"{o}del},
    journal = {The Monist},
    volume = {51},
    number = {1},
    year = {1967},
    month = {January},
    pages = {9-33},
}

@article{lucas,
    author = {Lucas,J. R.},
    title = {Minds, Machines and G\"odel},
    journal = {Philosophy},
    volume = {36},
    number = {137},
    pages = {112-127},
    year = {1961},
}
@book{boolos-text,
    author = {George Boolos and John Burgess and Richard Jeffrey},
    title = {Computability and Logic},
    publisher = {Cambridge University Press},
    year = 2007,
    edition = {5th},
}


@book{penrose,
    author = {Roger Penrose},
    title = {Shadows of the Mind},
    year = {1994},
    publisher = {Oxford University Press},
}

@article{kreisel,
    author = {Georg Kreisel},
    title = {Review [untitled]},
    journal = {The Journal of Symbolic Logic},
    volume = {47},
    number = {4},
    pages = {900-902},
    year = {1982},
}

@article{copeland,
    author = {B. Jack Copeland},
    title = {Turing's O-machines, Searle, Penrose and the brain},
    journal = {Analysis},
    year = {1998},
    pages = {128-138},
    number = {2},
    volume = {58},
}
